<record><leader>00000cas a22000007a 4500</leader><controlfield tag="001">13294697</controlfield><controlfield tag="008">860314d18991913wiuwr ne      0    0eng d</controlfield><datafield ind1=" " ind2=" " tag="010"><subfield code="a">sn 86086372 </subfield></datafield><datafield ind1=" " ind2=" " tag="040"><subfield code="a">NPV</subfield><subfield code="b">eng</subfield><subfield code="c">NPV</subfield><subfield code="d">OCLCQ</subfield></datafield><datafield ind1=" " ind2=" " tag="042"><subfield code="a">msc</subfield></datafield><datafield ind1=" " ind2=" " tag="045"><subfield code="a">w9x1</subfield></datafield><datafield ind1=" " ind2=" " tag="052"><subfield code="a">4123</subfield><subfield code="b">B3</subfield></datafield><datafield ind1="0" ind2=" " tag="130"><subfield code="a">Bugle (Turtle Lake, Wis.)</subfield></datafield><datafield ind1="1" ind2="4" tag="245"><subfield code="a">The bugle.</subfield></datafield><datafield ind1=" " ind2=" " tag="260"><subfield code="a">Turtle Lake, Barron County, Wis. :</subfield><subfield code="b">A.I. Averill &amp; Son,</subfield><subfield code="c">-1913.</subfield></datafield><datafield ind1=" " ind2=" " tag="300"><subfield code="a">v. :</subfield><subfield code="b">ill.</subfield></datafield><datafield ind1=" " ind2=" " tag="310"><subfield code="a">Weekly</subfield></datafield><datafield ind1="0" ind2=" " tag="362"><subfield code="a">-v. 14, no. 41 (Oct. 9, 1913).</subfield></datafield><datafield ind1="1" ind2=" " tag="362"><subfield code="a">Began in 1899.</subfield><subfield code="z">Cf. Oehlerts, d. E. Guide to Wis. newspapers.</subfield></datafield><datafield ind1=" " ind2=" " tag="500"><subfield code="a">Publisher varies.</subfield></datafield><datafield ind1=" " ind2=" " tag="500"><subfield code="a">Editors: C.B. McCormack, &lt;Nov. 14, 1912&gt;-Jan. 2, 1913; A.H. Nuesse, Jan. 9-Oct. 9, 1913.</subfield></datafield><datafield ind1=" " ind2=" " tag="525"><subfield code="a">Supplements accompany some issues.</subfield></datafield><datafield ind1=" " ind2=" " tag="530"><subfield code="a">Available on microfilm from The State Historical Society of Wisconsin.</subfield></datafield><datafield ind1=" " ind2=" " tag="588"><subfield code="a">Description based on: Vol. 2, no. 42 (Oct. 17, 1901).</subfield></datafield><datafield ind1=" " ind2=" " tag="752"><subfield code="a">United States</subfield><subfield code="b">Wisconsin</subfield><subfield code="c">Barron</subfield><subfield code="d">Turtle Lake.</subfield></datafield><datafield ind1="0" ind2="0" tag="785"><subfield code="t">Turtle Lake times</subfield><subfield code="w">(DLC)sn 86086373</subfield></datafield><datafield ind1="1" ind2=" " tag="029"><subfield code="a">AU@</subfield><subfield code="b">000023468232</subfield></datafield></record>